@misc{noauthor_caribbean_2021,
    title = {Caribbean},
    author = {Wikipedia},
    copyright = {Creative Commons Attribution-ShareAlike License},
    url = {https://en.wikipedia.org/w/index.php?title=Caribbean&oldid=1005446121},
    language = {en},
    urldate = {2021-02-12},
    journal = {Wikipedia},
    month = feb,
    year = {2021},
    note = {Page Version ID: 1005446121},
}

@book{waite1966return,
  title={Return to Paradise},
  author={Waite-Smith, C.},
  series={Caribbean plays: One-act play},
  url={https://books.google.co.ve/books?id=gxFaAAAAMAAJ},
  year={1966},
  publisher={U[niversity of the] W[est] I[ndies], Extra-Mural Department}
}

@book{senior_arrival_2009,
    address = {Toronto (Ont.)},
    title = {Arrival of the snake-woman: stories},
    isbn = {9781894770538},
    shorttitle = {Arrival of the snake-woman},
    language = {English},
    publisher = {TSAR},
    author = {Senior, Olive},
    year = {2009},
    note = {OCLC: 800927892},
}

@misc{walcott_africa,
    title = {A far cry from Africa},
    author = {Derek Alton Walcott},
    year = {1962},
}


@misc{noauthor_litcharts_nodate,
    title = {{LitCharts}},
    url = {https://www.litcharts.com/poetry/derek-walcott/a-far-cry-from-africa},
    abstract = {A Far Cry from Africa Poem Summary and Analysis {\textbar} LitCharts},
    language = {en},
    urldate = {2021-02-12},
    journal = {LitCharts},
}

@misc{noauthor_saint_2021,
    title = {Saint {Lucia}},
    copyright = {Creative Commons Attribution-ShareAlike License},
    url = {https://en.wikipedia.org/w/index.php?title=Saint_Lucia&oldid=1006352592},
    language = {en},
    urldate = {2021-02-12},
    journal = {Wikipedia},
    month = feb,
    year = {2021},
    note = {Page Version ID: 1006352592},
}

@book{kaldewaij_programming:_1992,
        address = {New York},
        edition = {Nachdr.},
        series = {Prentice {Hall} international series in computer science},
        title = {Programming: the derivation of algorithms},
        isbn = {9780132041089},
        shorttitle = {Programming},
        language = {eng},
        publisher = {Prentice Hall},
        author = {Kaldewaij, Anne},
        year = {1992},
        note = {OCLC: 258419943},
}

@book{mezaravelo_programacion,
    title = {Introducción a la programación},
    author = {Oscar J. Meza H. \& Jesús Ravelo},
    year = {2012}
}

@misc{noauthor_apartheid_2021,
    title = {Apartheid},
    copyright = {Creative Commons Attribution-ShareAlike License},
    howpublished = "\url{https://en.wikipedia.org/w/index.php?title=Apartheid&oldid=1014089182}",
    language = {en},
    urldate = {2021-03-26},
    journal = {Wikipedia},
    month = mar,
    year = {2021},
    note = {Page Version ID: 1014089182},
}

@misc{noauthor_nadine_2021,
    title = {Nadine {Gordimer}},
    copyright = {Creative Commons Attribution-ShareAlike License},
    howpublished = "\url{https://en.wikipedia.org/w/index.php?title=Nadine_Gordimer&oldid=1012968852}",
    language = {en},
    urldate = {2021-03-26},
    journal = {Wikipedia},
    month = mar,
    year = {2021},
    note = {Page Version ID: 1012968852},
}

@misc{nadine_dreaming,
    author = {Nadine Gordimier},
    title = {What were you dreaming},
}


@book{khushwant_singh_train_1990,
    address = {New York [S.l.]},
    title = {Train to {Pakistan}},
    isbn = {9780802132215},
    language = {eng},
    publisher = {Distributed by Publishers Group West},
    author = {{Khushwant Singh}},
    year = {1990},
    note = {OCLC: 42846948},
}

@MISC{latinModernFonts_website,
  URL = {http://www.gust.org.pl/projects/e-foundry/latin-modern},
  TITLE = {The {Latin} {Modern} ({LM}) {Family} of {Fonts} — {GUST} {Web} {Presence}},
  URLDATE = {2020-04-23},
}

@BOOK{bringhurst_elements_2004,
  AUTHOR = {Bringhurst, Robert},
  LOCATION = {Point Roberts, {WA}},
  PUBLISHER = {Hartley \& Marks, Publishers},
  DATE = {2004},
  EDITION = {3rd ed},
  ISBN = {978-0-88179-205-8 978-0-88179-206-5},
  KEYWORDS = {Book design,Graphic design (Typography),Type and type-founding},
  TITLE = {The elements of typographic style},
}

@BOOK{noauthor_buttericks_nodate,
  URL = {https://practicaltypography.com/},
  TITLE = {Butterick’s Practical Typography},
  URLDATE = {2020-02-17},
}

@BOOK{morison_tally_1973,
  AUTHOR = {Morison, Stanley and Crutchley, Brooke},
  LOCATION = {London},
  PUBLISHER = {Cambridge Univ. Press},
  DATE = {1973},
  EDITION = {New ed. with additions},
  ISBN = {978-0-521-09786-4 978-0-521-20043-1},
  NOTE = {{OCLC}: 627971},
  PAGETOTAL = {137},
  TITLE = {A tally of types},
}

@BOOK{van_dongen_latex_2012,
  AUTHOR = {van Dongen, M. R. C. and Dongen, Marc R. C. van},
  LOCATION = {Berlin},
  PUBLISHER = {Springer},
  DATE = {2012},
  ISBN = {978-3-642-23816-1 978-3-642-23815-4},
  SERIES = {X.media.publishing},
  TITLE = {{LaTeX} and friends},
}